@techreport{Ley28518,
	author = {MINTRA},
	institution = {Ministerio de Trabajo y Promoción del Empleo},
	title = {Ley sobre modalidades formativas laborales},
	type = {Ley},
	number = {28518},
	year = {2005},
	address = {Perú},
	url={http://www.leyes.congreso.gob.pe/Documentos/Leyes/28518.pdf}
}

@techreport{Reg28518,
	author = {Congreso},
	institution = {Congreso de la República del Perú},
	title = {Reglamento de la Ley sobre modalidades formativas laborales},
	type = {Decreto Supremo},
	number = {007-2005-TR},
	year = {2005},
	address = {Perú},
	url={http://www.leyes.congreso.gob.pe/Documentos/Leyes/Reglamentos/28518-RE.pdf}
}

@misc{Plan2018,
	address = {Perú},
	author = {UPN},
	year = {2018},
	title = {Plan de Estudios 2018 - 2},
	publisher = {Universidad Privada del Norte},
	lastchecked = {12 de Enero, 2019},
	url = {https://www.upn.edu.pe/sites/default/files/ pe-fi-ingenieria-sistemas-computacionales.pdf}
}

@misc{RegGrT,
	address = {Perú},
	author = {UPN},
	year = {2018},
	edition = {12},
	title = {Reglamento de Grados y Títulos},
	publisher = {Universidad Privada del Norte},
	lastchecked = {12 de Enero, 2019},
	url = {https://www.upn.edu.pe/sites/default/files/ documentos/reglamento-grados-titulos-v12.pdf}
}

@techreport{LeyUniv,
	author = {Congreso},
	institution = {Congreso de la República del Perú},
	title = {Ley Universitaria},
	type = {Ley},
	number = {30220},
	year = {2014},
	month = {Julio},
	day = {9},
	address = {Perú},
	url={https://www.sunedu.gob.pe/wp-content/uploads/2017/04/ Ley-universitaria-30220.pdf}
}